@book{FoundationsOfMachineLearning,
  title={Foundations of machine learning},
  author={Mohri, Mehryar and Rostamizadeh, Afshin and Talwalkar, Ameet},
  year={2018},
  publisher={MIT press}
}

@article{SurveyOfOptimizationMethods,
  title={A survey of optimization methods from a machine learning perspective},
  author={Sun, Shiliang and Cao, Zehui and Zhu, Han and Zhao, Jing},
  journal={IEEE transactions on cybernetics},
  volume={50},
  number={8},
  pages={3668--3681},
  year={2019},
  publisher={IEEE}
}
